@misc{http-proposal,
	author = {T. Berners-Lee},
	title = {Information Management: A Proposal},
	year = {1989},
	howpublished = \url{http://www.w3.org/History/1989/proposal.html},
	note = {accessed 18-July-2013}
}

@misc{request-response,
	 howpublished = \url{http://www.w3.org/2000/xp/Group/1/10/11/2001-10-11-SRR-Transport_MEP},
	 year = {2001},
	 note = {accessed 18-July-2013}
}
@misc{dom,
	 howpublished = \url{http://www.w3.org/DOM/},
	 year = {2005},
	 note = {accessed 19-July-2013}
}
@article{web-socket,
	 title = {The RFC Series and RFC Editor},
	 author = {I. Fette, Google, Inc., A. Melnikov, Isode Ltd.},
	 year = {2011},
	 journal = {Internet RFC 6455, ISSN 2070-1721}
}
@book{art-of-software-testing,
	 title = {The Art of Software Testing},
	 author = {Glenford J. Myers},
	 year = {2004},
	 publisher = {John Wiley & Sons, Inc., Hoboken, New Jersey},
	 edition = {2nd},
	 isbn = {0471469122}
}
@article{tdd,
	 title = {Learning Test-Driven Development by Counting Lines},
	 author = {B. Vodde, L. Koskela},
	 year = {2007},
	 number = {07},
	 journal = {IEEE Software Journal}
}